@phdthesis{reckinger,
author = "Shanon M. Reckinger",
title = "Adaptive Wavelet-Based Ocean Circulation Modeling",
year = "2011",
school = "University of Colorado"
}
@book{osher2003,
author = "Osher, S. \& Fedkiw, R.",
title = "Level Set Methods and Dynamic Implicit Surfaces",
year = 2003,
publisher = "Springer-Verlag",
location = "New York"
}
@manual{mitchell,
title = "A Toolbox of Level Set Methods (Version 1.1)",
author = "Ian M. Mitchell",
organization = "University of British Colombia",
month = "June",
year = "2007"
}
@techreport{etopo1,
author = "Amante, C. \& Eakins, B.W.",
title = "{ETOPO1} 1 {A}rc-{M}inute {G}lobal {R}elief {M}odel:
                  {P}rocedures, {D}ata {S}ources and {A}nalysis",
institution = "NOAA Technical Memorandum NESDIS NGDC-24, 19 pp",
month = "March",
year = 2009
}
@techreport{toolboxls,
author= "Mitchell, I.M.",
title = "A toolbox of level set methods (version 1.1)",
institution = "Department of Computer Science, University of
                  British Colombia, Vancouver, BC, Canada",
type = "Tech. {R}ep. {TR}-2007-11",
month = "June",
year = 2007, 
address = "Available:
                  \url{http://www.cs.ubc.ca/~mitchell/ToolboxLS/toolboxLS.pdf}"
}